
@article{carleo_solving_2017,
	title = {Solving the quantum many-body problem with artificial neural networks},
	volume = {355},
	issn = {0036-8075, 1095-9203},
	url = {https://www.sciencemag.org/lookup/doi/10.1126/science.aag2302},
	doi = {10.1126/science.aag2302},
	pages = {602--606},
	number = {6325},
	journaltitle = {Science},
	shortjournal = {Science},
	author = {Carleo, Giuseppe and Troyer, Matthias},
	urldate = {2022-03-21},
	date = {2017-02-10},
	langid = {english},
	file = {Carleo 和 Troyer - 2017 - Solving the quantum many-body problem with artific.pdf:files/607/Carleo 和 Troyer - 2017 - Solving the quantum many-body problem with artific.pdf:application/pdf},
}